@inproceedings{DBLP:conf/fmcad/BackemanRZ18,
  author    = {Peter Backeman and
               Philipp R{\"{u}}mmer and
               Aleksandar Zeljic},
  title     = {Bit-Vector Interpolation and Quantifier Elimination by Lazy Reduction},
  booktitle = {{FMCAD}},
  pages     = {1--10},
  publisher = {{IEEE}},
  year      = {2018}
}

@article{DBLP:journals/entcs/BozzanoBCFHKPS06,
  author    = {Marco Bozzano and
               Roberto Bruttomesso and
               Alessandro Cimatti and
               Anders Franz{\'{e}}n and
               Ziyad Hanna and
               Zurab Khasidashvili and
               Amit Palti and
               Roberto Sebastiani},
  title     = {Encoding {RTL} Constructs for MathSAT: a Preliminary Report},
  journal   = {Electron. Notes Theor. Comput. Sci.},
  volume    = {144},
  number    = {2},
  pages     = {3--14},
  year      = {2006}
}

@inproceedings{cegar,
  author    = {Edmund M. Clarke and
               Orna Grumberg and
               Somesh Jha and
               Yuan Lu and
               Helmut Veith},
  title     = {Counterexample-Guided Abstraction Refinement},
  booktitle = {{CAV}},
  series    = {Lecture Notes in Computer Science},
  volume    = {1855},
  pages     = {154--169},
  publisher = {Springer},
  year      = {2000}
}

@inproceedings{cvc4,
  author    = {Clark Barrett and
               Christopher L. Conway and
               Morgan Deters and
               Liana Hadarean and
               Dejan Jovanovic and
               Tim King and
               Andrew Reynolds and
               Cesare Tinelli},
  title     = {{CVC4}},
  booktitle = {CAV},
  series    = {Lecture Notes in Computer Science},
  volume    = {6806},
  pages     = {171--177},
  publisher = {Springer},
  year      = {2011},
}

@misc{smtswitchgithub,
  author = {Makai Mann and
            Amalee Wilson and
            Cesare Tinelli and
            Clark Barrett},
  title = {smt-switch},
  howpublished = {\url{https://github.com/makaimann/smt-switch/}}
}

@misc{rules20,
  author = {Haniel Barbosa and Jochen Hoenicke and 
Antti Hyvarinen},
  title = {15th International Satisfiability Modulo Theories
Competition (SMT-COMP 2020): Rules and Procedures},
  url = {https://smt-comp.github.io/2020/rules20.pdf}
}


@article{DBLP:journals/corr/abs-1804-05025,
  author    = {Aina Niemetz and
               Mathias Preiner and
               Andrew Reynolds and
               Clark Barrett and
               Cesare Tinelli},
  title     = {On Solving Quantified Bit-Vectors using Invertibility Conditions},
  journal   = {CoRR},
  volume    = {abs/1804.05025},
  year      = {2018},
  url       = {http://arxiv.org/abs/1804.05025},
  archivePrefix = {arXiv},
  eprint    = {1804.05025},
  timestamp = {Wed, 02 May 2018 15:55:01 +0200},
  biburl    = {https://dblp.org/rec/bib/journals/corr/abs-1804-05025},
  bibsource = {dblp computer science bibliography, https://dblp.org}
}

@article{bv-cav18,
  author    = {Aina Niemetz and
               Mathias Preiner and
               Andrew Reynolds and
               Clark Barrett and
               Cesare Tinelli},
  title     = {Solving Quantified Bit-Vectors using Invertibility Conditions},
  booktitle = {CAV},
  series    = {Lecture Notes in Computer Science},
  publisher = {Springer},
  year      = {2018 (to appear)},
}
@misc{cvc4-website,
  title        = {{CVC4 website}},
  howpublished = {\url{http://cvc4.cs.stanford.edu}},
  year         = 2019,
}

@misc{cvc4-github,
  title        = {{CVC4 source code}},
  howpublished = {\url{https://github.com/CVC4/CVC4}},
  year         = 2019,
}

@misc{symfpu-github,
  title        = {{SymFPU}},
  howpublished = {\url{https://github.com/martin-cs/symfpu}},
  year         = 2019,
}

@misc{cms-github,
  title        = {{CryptoMiniSat}},
  howpublished = {\url{https://github.com/msoos/cryptominisat}},
  year         = 2019,
}

@misc{cadical-github,
  title        = {{CaDiCaL}},
  howpublished = {\url{https://github.com/arminbiere/cadical}},
  year         = 2019,
}

@misc{cln-website,
  title        = {{CLN}},
  howpublished = {\url{https://ginac.de/CLN/}},
  year         = 2019,
}

@misc{abc-website,
  title        = {{ABC}},
  howpublished = {\url{https://people.eecs.berkeley.edu/~alanmi/abc/abc.htm}},
  year         = 2019,
}

@misc{glpk-cut-github,
  title        = {{glpk-cut-log}},
  howpublished = {\url{https://github.com/timothy-king/glpk-cut-log}},
  year         = 2019,
}

@misc{glpk-website,
  title        = {{GLPK}},
  howpublished = {\url{https://www.gnu.org/software/glpk/}},
  year         = 2019,
}

@misc{smtcomp2019-tag,
  title        = {{CVC4 SMT-COMP 2019 tag}},
  howpublished = {\url{https://github.com/CVC4/CVC4/releases/tag/smtcomp2019}},
  year         = 2019,
}

@misc{runscript,
  title        = {{CVC4 SMT-COMP 2019 Single Query run script}},
  howpublished = {\url{https://github.com/CVC4/CVC4/blob/smtcomp2019/contrib/run-script-smtcomp2019}},
  year         = 2019,
}

@misc{incremental-runscript,
  title        = {{CVC4 SMT-COMP 2019 Incremental Track run script}},
  howpublished = {\url{https://github.com/CVC4/CVC4/blob/smtcomp2019/contrib/run-script-smtcomp2019-incremental}},
  year         = 2019,
}

@misc{mv-runscript,
  title        = {{CVC4 SMT-COMP 2019 Model Validation Track run script}},
  howpublished = {\url{https://github.com/CVC4/CVC4/blob/smtcomp2019/contrib/run-script-smtcomp2019-model-validation}},
  year         = 2019,
}

@misc{uc-runscript,
  title        = {{CVC4 SMT-COMP 2019 Unsat Core Track run script}},
  howpublished = {\url{https://github.com/CVC4/CVC4/blob/smtcomp2019/contrib/run-script-smtcomp2019-unsat-cores}},
  year         = 2019,
}

@InProceedings{RT+13-CADE,
    Author       = "Reynolds, A. and Tinelli, C. and Goel, A. and Krstic, S. 
                    and Deters, M. and Barrett, C.",
    Year         = "2013",
    Title        = "{Quantifier Instantiation Techniques for Finite Model 
                    Finding in SMT}",
    Editor       = "Bonacina, M.P.",
    BookTitle    = "{Proceedings of the 24th International Conference on
                    Automated Deduction}",
    Place        = "Lake Placid, USA",
    Series       = "Lecture Notes in Artificial Intelligence",
    Number       = "7898",
    Pages        = "377-391",
    Publisher    = "Springer-Verlag",
    Comment      = ""
}

@InProceedings{RTd14,
    Author       = "Reynolds, A. and Tinelli, C. and de Moura, L.",
    Year         = "2014",
    Title        = "{Finding Conflicting Instances of Quantified Formulas
                    in SMT}",
    Editor       = "Claessen, K. and Kuncak, V.",
    BookTitle    = "{Proceedings of the 14th Conference on Formal Methods
                    in Computer-Aided Design}",
    Place        = "Lausanne, Switzerland",
    Pages        = "195-202",
    Comment      = ""
}

@inproceedings{DBLP:conf/cav/LiangRTBD14,
  author    = {Tianyi Liang and
               Andrew Reynolds and
               Cesare Tinelli and
               Clark Barrett and
               Morgan Deters},
  title     = {A {DPLL(T)} Theory Solver for a Theory of Strings and Regular Expressions},
  booktitle = {Computer Aided Verification - 26th International Conference, {CAV}
               2014, Held as Part of the Vienna Summer of Logic, {VSL} 2014, Vienna,
               Austria, July 18-22, 2014. Proceedings},
  pages     = {646--662},
  year      = {2014},
}


@inproceedings{DBLP:conf/cav/ReynoldsWBBLT17,
  author    = {Andrew Reynolds and
               Maverick Woo and
               Clark Barrett and
               David Brumley and
               Tianyi Liang and
               Cesare Tinelli},
  title     = {Scaling Up {DPLL(T)} String Solvers Using Context-Dependent Simplification},
  booktitle = {Computer Aided Verification - 29th International Conference, {CAV}
               2017, Heidelberg, Germany, July 24-28, 2017, Proceedings, Part {II}},
  pages     = {453--474},
  year      = {2017},
}

@inproceedings{Biere-SAT-Competition-2017-solvers,
  author    = {Biere, Armin},
  title     = {{CaDiCaL, Lingeling, Plingeling, Treengeling, YalSAT Entering the SAT Competition 2017}},
  pages     = {14-15},
  booktitle = {{SAT Competition} 2017 -- Solver and Benchmark Descriptions},
  editor    = {Tom\'{a}\v{s} Balyo and Marijn Heule and Matti J{\"a}rvisalo},
  volume    = {B-2017-1},
  series    = {Department of Computer Science Series of Publications B},
  publisher = {University of Helsinki},
  year      = 2017,
}

@inproceedings{DBLP:conf/sat/SoosNC09,
  author    = {Mate Soos and
               Karsten Nohl and
               Claude Castelluccia},
  title     = {Extending {SAT} Solvers to Cryptographic Problems},
  booktitle = {{SAT}},
  series    = {Lecture Notes in Computer Science},
  volume    = {5584},
  pages     = {244--257},
  publisher = {Springer},
  year      = {2009}
}

@inproceedings{HBJ+14,
  url       = "http://www.cs.stanford.edu/~barrett/pubs/HBJ+14.pdf",
  author    = "Liana Hadarean and Clark Barrett and Dejan JovanoviÄ‡ and
               Cesare Tinelli and Kshitij Bansal",
  title     = "A Tale of Two Solvers: Eager and Lazy Approaches to Bit-vectors",
  booktitle = "CAV",
  year      = 2014,
}
@inproceedings{inccadical,
  author    = {Katalin Fazekas and Armin Biere and Christoph Scholl},
  title     = {{Incremental Inprocessing in SAT Solving}},
  booktitle = {Theory and Applications of Satisfiability Testing - {SAT} 2019 -
               22nd International Conference, {SAT} 2019, Lisbon, Portugal, 
               July 9-12, 2019, Proceedings},
  series    = {Lecture Notes in Computer Science, to appear},
  year      = {2019},
}

@article{ackermann1956solvable,
  title={Solvable cases of the decision problem},
  author={Ackermann, Wilhelm},
  year={1956}
}

@phdthesis{hadarean2015efficient,
  title={An efficient and trustworthy theory solver for bit-vectors in satisfiability modulo theories},
  author={Hadarean, Liana},
  year={2015},
  school={Citeseer}
}

@inproceedings{DBLP:conf/cade/BrombergerW16,
  author    = {Martin Bromberger and
               Christoph Weidenbach},
  title     = {Fast Cube Tests for {LIA} Constraint Solving},
  booktitle = {{IJCAR}},
  series    = {Lecture Notes in Computer Science},
  volume    = {9706},
  pages     = {116--132},
  publisher = {Springer},
  year      = {2016}
}

@article{DBLP:journals/tocl/CimattiGIRS18,
  author    = {Alessandro Cimatti and
               Alberto Griggio and
               Ahmed Irfan and
               Marco Roveri and
               Roberto Sebastiani},
  title     = {Incremental Linearization for Satisfiability and Verification Modulo
               Nonlinear Arithmetic and Transcendental Functions},
  journal   = {{ACM} Trans. Comput. Log.},
  volume    = {19},
  number    = {3},
  pages     = {19:1--19:52},
  year      = {2018}
}

@article{irfanmathsat5,
  title={MathSAT5 (Nonlinear) at the SMT Competition 2019},
  author={Irfan, Ahmed and Griggio, Alberto and Cimatti, Alessandro and Sebastiani, Roberto}
}

@inproceedings{mathsat5,
  author = {Alessandro Cimatti and Alberto Griggio and Bastiaan Schaafsma and Roberto Sebastiani},
  title = {{The MathSAT5 SMT Solver}},
  editor = {Nir Piterman and Scott Smolka},
  booktitle = {Proceedings of TACAS},
  year = {2013},
  volume = {7795},
  series = {LNCS},
  publisher = {Springer},
}

@inproceedings{DBLP:conf/sat/CimattiGIRS18,
  author    = {Alessandro Cimatti and
               Alberto Griggio and
               Ahmed Irfan and
               Marco Roveri and
               Roberto Sebastiani},
  title     = {Experimenting on Solving Nonlinear Integer Arithmetic with Incremental
               Linearization},
  booktitle = {{SAT}},
  series    = {Lecture Notes in Computer Science},
  volume    = {10929},
  pages     = {383--398},
  publisher = {Springer},
  year      = {2018}
}

@inproceedings{DBLP:conf/vmcai/Jovanovic17,
  author    = {Dejan Jovanovic},
  title     = {Solving Nonlinear Integer Arithmetic with {MCSAT}},
  booktitle = {{VMCAI}},
  series    = {Lecture Notes in Computer Science},
  volume    = {10145},
  pages     = {330--346},
  publisher = {Springer},
  year      = {2017}
}

@inproceedings{DBLP:conf/frocos/ReynoldsTJB17,
  author    = {Andrew Reynolds and
               Cesare Tinelli and
               Dejan Jovanovic and
               Clark W. Barrett},
  title     = {Designing Theory Solvers with Extensions},
  booktitle = {FroCoS},
  series    = {Lecture Notes in Computer Science},
  volume    = {10483},
  pages     = {22--40},
  publisher = {Springer},
  year      = {2017}
}
